@article{ryabinkin2018constrained,
  title={Constrained variational quantum eigensolver: Quantum computer search engine in the Fock space},
  author={Ryabinkin, Ilya G and Genin, Scott N and Izmaylov, Artur F},
  journal={Journal of chemical theory and computation},
  volume={15},
  number={1},
  pages={249--255},
  year={2018},
  publisher={ACS Publications}
}
@misc{trabesinger2012quantum,
  title={Quantum simulation},
  author={Trabesinger, Andreas},
  year={2012},
  publisher={Nature Publishing Group}
}
@article{o2016scalable,
  title={Scalable quantum simulation of molecular energies},
  author={Oâ€™Malley, Peter JJ and Babbush, Ryan and Kivlichan, Ian D and Romero, Jonathan and McClean, Jarrod R and Barends, Rami and Kelly, Julian and Roushan, Pedram and Tranter, Andrew and Ding, Nan and others},
  journal={Physical Review X},
  volume={6},
  number={3},
  pages={031007},
  year={2016},
  publisher={APS}
}